<?xml version="1.0" encoding="UTF-8"?><collection xmlns="http://www.loc.gov/MARC21/slim"><record><leader>00347nam--2200133-i-4500</leader><controlfield tag="001">000024630</controlfield><controlfield tag="002">20161230</controlfield><controlfield tag="005">20161230201035</controlfield><controlfield tag="008">060222s1000------------r-----000-0-eng-d</controlfield><datafield ind1=" " ind2=" " tag="080"><subfield code="a">539.893:541.12.034.2</subfield></datafield><datafield ind1=" " ind2=" " tag="245"><subfield code="a">High pressure physics and chemistry</subfield></datafield><datafield ind1=" " ind2=" " tag="260"><subfield code="a">London, Academic Press, 1963, Xii + 361 P</subfield></datafield><datafield ind1=" " ind2=" " tag="700"><subfield code="a">Bradley, R.S</subfield></datafield><datafield ind1=" " ind2=" " tag="852"><subfield code="a">21769</subfield></datafield></record></collection>